<?xml version="1.0" encoding="UTF-8"?>
<ENVELOPE><HEADER><TALLYREQUEST>Import Data</TALLYREQUEST></HEADER><BODY><IMPORTDATA><REQUESTDESC><REPORTNAME>Vouchers</REPORTNAME><STATICVARIABLES><SVCURRENTCOMPANY>Acme Trading Co</SVCURRENTCOMPANY></STATICVARIABLES></REQUESTDESC><REQUESTDATA>
<TALLYMESSAGE xmlns:UDF="TallyUDF"><VOUCHER REMOTEID="143d90af-6f8a-5745-b95f-5455e4aac988" VCHKEY="143d90af-6f8a-5745-b95f-5455e4aac988" VCHTYPE="Credit Note" ACTION="Create" OBJVIEW="Invoice Voucher View"><DATE>20250410</DATE><GUID>143d90af-6f8a-5745-b95f-5455e4aac988</GUID><VOUCHERTYPENAME>Credit Note</VOUCHERTYPENAME><VOUCHERNUMBER>CN-2025-001</VOUCHERNUMBER><REFERENCE>CN-2025-001</REFERENCE><PARTYLEDGERNAME>Acme Traders</PARTYLEDGERNAME><NARRATION>Sales return — Cotton Yarn</NARRATION><ISINVOICE>Yes</ISINVOICE><PARTYGSTIN>24ABCDE1234F1Z5</PARTYGSTIN><PLACEOFSUPPLY>24</PLACEOFSUPPLY><ALLLEDGERENTRIES.LIST><LEDGERNAME>Acme Traders</LEDGERNAME><ISDEEMEDPOSITIVE>No</ISDEEMEDPOSITIVE><AMOUNT>-11800.00</AMOUNT></ALLLEDGERENTRIES.LIST><ALLLEDGERENTRIES.LIST><LEDGERNAME>Sales Accounts</LEDGERNAME><ISDEEMEDPOSITIVE>Yes</ISDEEMEDPOSITIVE><AMOUNT>10000.00</AMOUNT></ALLLEDGERENTRIES.LIST><ALLLEDGERENTRIES.LIST><LEDGERNAME>CGST</LEDGERNAME><ISDEEMEDPOSITIVE>Yes</ISDEEMEDPOSITIVE><AMOUNT>900.00</AMOUNT></ALLLEDGERENTRIES.LIST><ALLLEDGERENTRIES.LIST><LEDGERNAME>SGST</LEDGERNAME><ISDEEMEDPOSITIVE>Yes</ISDEEMEDPOSITIVE><AMOUNT>900.00</AMOUNT></ALLLEDGERENTRIES.LIST><ALLINVENTORYENTRIES.LIST><STOCKITEMNAME>Cotton Yarn</STOCKITEMNAME><ISDEEMEDPOSITIVE>Yes</ISDEEMEDPOSITIVE><RATE>1000.00/NOS</RATE><ACTUALQTY>10 NOS</ACTUALQTY><BILLEDQTY>10 NOS</BILLEDQTY><AMOUNT>10000.00</AMOUNT><RATEOFGST>18</RATEOFGST><HSNCODE>5205</HSNCODE><TAXABILITY>Taxable</TAXABILITY></ALLINVENTORYENTRIES.LIST></VOUCHER></TALLYMESSAGE>
</REQUESTDATA></IMPORTDATA></BODY></ENVELOPE>
