<?xml version="1.0" encoding="UTF-8"?>
<ENVELOPE><HEADER><TALLYREQUEST>Import Data</TALLYREQUEST></HEADER><BODY><IMPORTDATA><REQUESTDESC><REPORTNAME>Vouchers</REPORTNAME><STATICVARIABLES><SVCURRENTCOMPANY>Acme Trading Co</SVCURRENTCOMPANY></STATICVARIABLES></REQUESTDESC><REQUESTDATA>
<TALLYMESSAGE xmlns:UDF="TallyUDF"><VOUCHER REMOTEID="f4d7b950-1151-5d8f-89f1-72edc091013e" VCHKEY="f4d7b950-1151-5d8f-89f1-72edc091013e" VCHTYPE="Sales" ACTION="Create" OBJVIEW="Invoice Voucher View"><DATE>20250401</DATE><GUID>f4d7b950-1151-5d8f-89f1-72edc091013e</GUID><VOUCHERTYPENAME>Sales</VOUCHERTYPENAME><VOUCHERNUMBER>INV-2025-001</VOUCHERNUMBER><REFERENCE>INV-2025-001</REFERENCE><PARTYLEDGERNAME>Acme Traders</PARTYLEDGERNAME><NARRATION>Being sales of Cotton Yarn</NARRATION><ISINVOICE>Yes</ISINVOICE><PARTYGSTIN>24ABCDE1234F1Z5</PARTYGSTIN><PLACEOFSUPPLY>24</PLACEOFSUPPLY><ALLLEDGERENTRIES.LIST><LEDGERNAME>Acme Traders</LEDGERNAME><ISDEEMEDPOSITIVE>Yes</ISDEEMEDPOSITIVE><AMOUNT>118000.00</AMOUNT></ALLLEDGERENTRIES.LIST><ALLLEDGERENTRIES.LIST><LEDGERNAME>Sales Accounts</LEDGERNAME><ISDEEMEDPOSITIVE>No</ISDEEMEDPOSITIVE><AMOUNT>-100000.00</AMOUNT></ALLLEDGERENTRIES.LIST><ALLLEDGERENTRIES.LIST><LEDGERNAME>CGST</LEDGERNAME><ISDEEMEDPOSITIVE>No</ISDEEMEDPOSITIVE><AMOUNT>-9000.00</AMOUNT></ALLLEDGERENTRIES.LIST><ALLLEDGERENTRIES.LIST><LEDGERNAME>SGST</LEDGERNAME><ISDEEMEDPOSITIVE>No</ISDEEMEDPOSITIVE><AMOUNT>-9000.00</AMOUNT></ALLLEDGERENTRIES.LIST><ALLINVENTORYENTRIES.LIST><STOCKITEMNAME>Cotton Yarn</STOCKITEMNAME><ISDEEMEDPOSITIVE>No</ISDEEMEDPOSITIVE><RATE>1000.00/NOS</RATE><ACTUALQTY>100 NOS</ACTUALQTY><BILLEDQTY>100 NOS</BILLEDQTY><AMOUNT>-100000.00</AMOUNT><BATCHALLOCATIONS.LIST><BATCHNAME>B-001</BATCHNAME><GODOWNNAME>Main</GODOWNNAME><AMOUNT>-100000.00</AMOUNT><ACTUALQTY>100 NOS</ACTUALQTY><BILLEDQTY>100 NOS</BILLEDQTY></BATCHALLOCATIONS.LIST><RATEOFGST>18</RATEOFGST><HSNCODE>5205</HSNCODE><TAXABILITY>Taxable</TAXABILITY></ALLINVENTORYENTRIES.LIST></VOUCHER></TALLYMESSAGE>
</REQUESTDATA></IMPORTDATA></BODY></ENVELOPE>
