<?xml version="1.0" encoding="UTF-8"?>
<ENVELOPE><HEADER><TALLYREQUEST>Import Data</TALLYREQUEST></HEADER><BODY><IMPORTDATA><REQUESTDESC><REPORTNAME>Vouchers</REPORTNAME><STATICVARIABLES><SVCURRENTCOMPANY>Acme Trading Co</SVCURRENTCOMPANY></STATICVARIABLES></REQUESTDESC><REQUESTDATA>
<TALLYMESSAGE xmlns:UDF="TallyUDF"><VOUCHER REMOTEID="c3ec4919-9dbc-57b9-bf94-fbf4f73efdfc" VCHKEY="c3ec4919-9dbc-57b9-bf94-fbf4f73efdfc" VCHTYPE="Receipt" ACTION="Create" OBJVIEW="Accounting Voucher View"><DATE>20250415</DATE><GUID>c3ec4919-9dbc-57b9-bf94-fbf4f73efdfc</GUID><VOUCHERTYPENAME>Receipt</VOUCHERTYPENAME><VOUCHERNUMBER>RCT-2025-001</VOUCHERNUMBER><PARTYLEDGERNAME>Acme Traders</PARTYLEDGERNAME><NARRATION>Payment received via UPI</NARRATION><ISINVOICE>No</ISINVOICE><ALLLEDGERENTRIES.LIST><LEDGERNAME>Bank Accounts</LEDGERNAME><ISDEEMEDPOSITIVE>Yes</ISDEEMEDPOSITIVE><AMOUNT>118000.00</AMOUNT></ALLLEDGERENTRIES.LIST><ALLLEDGERENTRIES.LIST><LEDGERNAME>Acme Traders</LEDGERNAME><ISDEEMEDPOSITIVE>No</ISDEEMEDPOSITIVE><AMOUNT>-118000.00</AMOUNT></ALLLEDGERENTRIES.LIST></VOUCHER></TALLYMESSAGE>
</REQUESTDATA></IMPORTDATA></BODY></ENVELOPE>
